@article{HooiTing2011,
  doi = {10.1108/17473611111163250},
  url = {https://doi.org/10.1108/17473611111163250},
  year = {2011},
  month = aug,
  publisher = {Emerald},
  volume = {12},
  number = {3},
  pages = {193--203},
  author = {Ding Hooi Ting and Suet Fong Lim and Tanusina Siuly Patanmacia and Ca Gie Low and Gay Chuan Ker},
  title = {Dependency on smartphone and the impact on purchase behaviour},
  journal = {Young Consumers}
}

@inproceedings{vanBinsbergen2020,
  doi = {10.1145/3425898.3426958},
  url = {https://doi.org/10.1145/3425898.3426958},
  year = {2020},
  month = nov,
  publisher = {{ACM}},
  author = {L. Thomas van Binsbergen and Lu-Chi Liu and Robert van Doesburg and Tom van Engers},
  title = {{eFLINT}: a domain-specific language for executable norm specifications},
  booktitle = {Proceedings of the 19th {ACM} {SIGPLAN} International Conference on Generative Programming: Concepts and Experiences}
}