@article{Dowlin2017,
  doi       = {10.1109/jproc.2016.2622218},
  url       = {https://doi.org/10.1109/jproc.2016.2622218},
  year      = {2017},
  publisher = {Institute of Electrical and Electronics Engineers ({IEEE})},
  pages     = {1--16},
  author    = {Nathan Dowlin and Ran Gilad-Bachrach and Kim Laine and Kristin Lauter and Michael Naehrig and John Wernsing},
  title     = {Manual for Using Homomorphic Encryption for Bioinformatics},
  journal   = {Proceedings of the {IEEE}}
}