@article{owidinternet,
    author = {Max Roser and Hannah Ritchie and Esteban Ortiz-Ospina},
    title = {Internet},
    journal = {Our World in Data},
    year = {2015},
    note = {https://ourworldindata.org/internet}
}

@article{Vu2019,
  doi = {10.1016/j.telpol.2019.04.002},
  year = {2019},
  month = jun,
  publisher = {Elsevier {BV}},
  volume = {43},
  number = {5},
  pages = {474--483},
  author = {Khuong M. Vu},
  title = {The internet-growth link: An examination of studies with conflicting results and new evidence on the network effect},
  journal = {Telecommunications Policy}
}

@book{Shahidullah2019,
  doi = {10.4324/9780429044618},
  url = {https://doi.org/10.4324/9780429044618},
  year = {2019},
  month = feb,
  publisher = {Routledge},
  author = {Shahid M. Shahidullah},
  title = {Capacity-Building in Science and Technology in the Third World}
}