@article{dowlin2017,
  doi       = {10.1109/jproc.2016.2622218},
  year      = {2017},
  publisher = {Institute of Electrical and Electronics Engineers ({IEEE})},
  pages     = {1--16},
  author    = {Nathan Dowlin and Ran Gilad-Bachrach and Kim Laine and Kristin Lauter and Michael Naehrig and John Wernsing},
  title     = {Manual for Using Homomorphic Encryption for Bioinformatics},
  journal   = {Proceedings of the {IEEE}}
}


@InProceedings{bachrach16,
  title         = {CryptoNets: Applying Neural Networks to Encrypted Data with High Throughput and Accuracy},
  author        = {Gilad-Bachrach, Ran and Dowlin, Nathan and Laine, Kim and Lauter, Kristin and Naehrig, Michael and Wernsing, John},
  booktitle     = {Proceedings of The 33rd International Conference on Machine Learning},
  pages         = {201--210},
  year          = {2016},
  editor        = {Balcan, Maria Florina and Weinberger, Kilian Q.},
  volume        = {48},
  series        = {Proceedings of Machine Learning Research},
  address       = {New York, New York, USA},
  publisher     = {PMLR}
}

@article{islam2011,
  doi       = {10.1016/j.optcom.2011.05.079},
  year      = {2011},
  month     = sep,
  publisher = {Elsevier {BV}},
  volume    = {284},
  number    = {19},
  pages     = {4412--4429},
  author    = {Naveed Islam and William Puech and Khizar Hayat and Robert Brouzet},
  title     = {Application of homomorphism to secure image sharing},
  journal   = {Optics Communications}
}

@misc{kaiming215,
  doi       = {10.48550/ARXIV.1502.01852},
  author    = {He,  Kaiming and Zhang,  Xiangyu and Ren,  Shaoqing and Sun,  Jian},
  title     = {Delving Deep into Rectifiers: Surpassing Human-Level Performance on ImageNet Classification},
  publisher = {arXiv},
  year      = {2015},
}

@inproceedings{nasr2019,
  doi       = {10.1109/sp.2019.00065},
  year      = {2019},
  month     = may,
  publisher = {Institute of Electrical and Electronics Engineers ({IEEE})},
  author    = {Milad Nasr and Reza Shokri and Amir Houmansadr},
  title     = {Comprehensive Privacy Analysis of Deep Learning: Passive and Active White-box Inference Attacks against Centralized and Federated Learning},
  booktitle = {2019 {IEEE} Symposium on Security and Privacy ({SP})}
}

% Carbon emmission ICT=2% worldwide
@misc{smarter2015,
  publisher = {GeSI},
  title     = {“\#SMARTer2030. ICT Solutions for 21st Century Challenges},
  author    = {GeSI},
  location  = {Brussels, Belgium},
  year      = {2015}
}


%================================
%===========Overviews============
%================================

% Mann et al paper
@misc{mann22,
  author        = {Zoltán Ádám Mann and Christian Weinert and Daphnee Chabal and Joppe W. Bos},
  title         = {Towards Practical Secure Neural Network Inference: The Journey So Far and the Road Ahead},
  howpublished  = {Cryptology ePrint Archive, Paper 2022/1483},
  year          = {2022},
  url           = {https://eprint.iacr.org/2022/1483},
  urldate       = {2022-11-22}
}

% General overview on the field of snni till 2020
@article{tanuwidjaja2020,
  doi = {10.1109/access.2020.3023084},
  year = {2020},
  publisher = {Institute of Electrical and Electronics Engineers ({IEEE})},
  volume = {8},
  pages = {167425--167447},
  author = {Harry Chandra Tanuwidjaja and Rakyong Choi and Seunggeun Baek and Kwangjo Kim},
  title = {Privacy-Preserving Deep Learning on Machine Learning as a Service{\textemdash}a Comprehensive Survey},
  journal = {{IEEE} Access}
}

% Overview of dangers and pitfalls to MLaaS
@article{qayyum2020,
  doi = {10.3389/fdata.2020.587139},
  year = {2020},
  month = nov,
  publisher = {Frontiers Media {SA}},
  volume = {3},
  author = {Adnan Qayyum and Aneeqa Ijaz and Muhammad Usama and Waleed Iqbal and Junaid Qadir and Yehia Elkhatib and Ala Al-Fuqaha},
  title = {Securing Machine Learning in the Cloud: A Systematic Review of Cloud Machine Learning Security},
  journal = {Frontiers in Big Data}
}
%================================
%=========General terms==========
%================================

%MLaaS
@article{ribeiro2015mlaasml,
  title={MLaaS: Machine Learning as a Service},
  author={Mauro Ribeiro and Katarina Grolinger and Miriam A. M. Capretz},
  journal={2015 IEEE 14th International Conference on Machine Learning and Applications (ICMLA)},
  year={2015},
  pages={896-902},
  doi={10.1109/ICMLA.2015.152}
}

%mnist dataset
@article{lecun1998,
  doi = {10.1109/5.726791},
  year = {1998},
  publisher = {Institute of Electrical and Electronics Engineers ({IEEE})},
  volume = {86},
  number = {11},
  pages = {2278--2324},
  author = {Y. Lecun and L. Bottou and Y. Bengio and P. Haffner},
  title = {Gradient-based learning applied to document recognition},
  journal = {Proceedings of the {IEEE}}
}

% Homomorphic encryption, rivest et al
@article{rivest1978,
  author = {Rivest, R L and Adleman, L and Dertouzos, M L},
  date-modified = {2006-08-22 11:34:23 +0200},
  journal = {Foundations of Secure Computation, Academia Press},
  keywords = {imported},
  pages = {169-179},
  title = {On Data Banks and Privacy Homomorphisms},
  year = 1978
}

% Multi party computation MPC
@inproceedings{yao1982,
  doi = {10.1109/sfcs.1982.38},
  year = {1982},
  month = nov,
  publisher = {Institute of Electrical and Electronics Engineers ({IEEE})},
  author = {Andrew C. Yao},
  title = {Protocols for secure computations},
  booktitle = {23rd Annual Symposium on Foundations of Computer Science (sfcs 1982)}
}

%MPC 2
@inproceedings{yao1986,
  doi = {10.1109/sfcs.1986.25},
  year = {1986},
  month = oct,
  publisher = {Institute of Electrical and Electronics Engineers ({IEEE})},
  author = {Andrew Chi-Chih Yao},
  title = {How to generate and exchange secrets},
  booktitle = {27th Annual Symposium on Foundations of Computer Science (sfcs 1986)}
}

% SqueezeNet
@misc{sqnet,
  author = {Iandola,  Forrest N. and Han,  Song and Moskewicz,  Matthew W. and Ashraf,  Khalid and Dally,  William J. and Keutzer,  Kurt}, 
  title = {SqueezeNet: AlexNet-level accuracy with 50x fewer parameters and <0.5MB model size},
  publisher = {CoRR},
  year = {2016},
}

% ResNet50
@misc{resnet,
  author={Huang, Gao and Liu, Zhuang and Van Der Maaten, Laurens and Weinberger, Kilian Q.},
  booktitle={2017 IEEE Conference on Computer Vision and Pattern Recognition (CVPR)}, 
  title={Densely Connected Convolutional Networks}, 
  year={2017},
  pages={2261-2269},
  doi={10.1109/CVPR.2017.243}
}


%================================
%========SNNI approaches=========
%================================

%ABY2.0
@misc{aby20,
  author        = {Arpita Patra and Thomas Schneider and Ajith Suresh and Hossein Yalame},
  title         = {ABY2.0: Improved Mixed-Protocol Secure Two-Party Computation},
  journal       = {14th USENIX Security Symposium (USENIX-Security)},
  publisher     = {USENIX Association},
  year          = {2021},
  pages         = {2165-–2182}
}
%Chameleon
@misc{chameleon,
  doi       = {10.1145/3196494.3196522},
  year      = {2018},
  month     = may,
  publisher = {Association for Computing Machinery ({ACM})},
  author    = {M. Sadegh Riazi and Christian Weinert and Oleksandr Tkachenko and Ebrahim M. Songhori and Thomas Schneider and Farinaz Koushanfar},
  title     = {Chameleon: A hybrid secure computation framework for machine learning applications},
  booktitle = {Proceedings of the 2018 on Asia Conference on Computer and Communications Security}

}

%Cheetah
@inproceedings{cheetah,
  author    = {Zhicong Huang and Wen-jie Lu and Cheng Hong and Jiansheng Ding},
  title     = {Cheetah: Lean and Fast Secure {Two-Party} Deep Neural Network Inference},
  booktitle = {31st USENIX Security Symposium (USENIX Security 22)},
  year      = {2022},
  isbn      = {978-1-939133-31-1},
  address   = {Boston, MA},
  pages     = {809--826},
  url       = {https://www.usenix.org/conference/usenixsecurity22/presentation/huang-zhicong},
  urldate   = {2022-11-22},
  publisher = {USENIX Association},
  month     = aug,
}

%CrypTFlow2
@misc{cryptflow2,
  doi = {10.1145/3372297.3417274},
  year = {2020},
  month = oct,
  publisher = {Association for Computing Machinery ({ACM})},
  author = {Deevashwer Rathee and Mayank Rathee and Nishant Kumar and Nishanth Chandran and Divya Gupta and Aseem Rastogi and Rahul Sharma},
  title = {{CrypTFlow}2: Practical 2-Party Secure Inference},
  booktitle = {Proceedings of the 2020 {ACM} {SIGSAC} Conference on Computer and Communications Security}
}

%Delphi
@inproceedings {delphi,
  author    = {Pratyush Mishra and Ryan Lehmkuhl and Akshayaram Srinivasan and Wenting Zheng and Raluca Ada Popa},
  title     = {Delphi: A Cryptographic Inference Service for Neural Networks},
  booktitle = {29th USENIX Security Symposium (USENIX Security 20)},
  year      = {2020},
  isbn      = {978-1-939133-17-5},
  pages     = {2505--2522},
  url       = {https://www.usenix.org/conference/usenixsecurity20/presentation/mishra},
  urldate   = {2022-11-22},
  publisher = {USENIX Association},
  month     = aug,
}

%DeepSecure
@misc{deepsecure,
  doi = {10.1145/3195970.3196023},
  year = {2018},
  month = jun,
  publisher = {Association for Computing Machinery ({ACM})},
  author = {Bita Darvish Rouhani and M. Sadegh Riazi and Farinaz Koushanfar},
  title = {Deepsecure: scalable provably-secure deep learning},
  booktitle = {Proceedings of the 55th Annual Design Automation Conference}
}


%================================
%===Power/energy measurement=====
%================================

% ========= Surveys ========= 
% Survey of assessing software energy consumption
@inproceedings{rieger2017,
  doi = {10.1145/3141842.3141846},
  year = {2017},
  month = oct,
  publisher = {Association for Computing Machinery ({ACM})},
  author = {Felix Rieger and Christoph Bockisch},
  title = {Survey of approaches for assessing software energy consumption},
  booktitle = {Proceedings of the 2nd {ACM} {SIGPLAN} International Workshop on Comprehension of Complex Systems}
}

 @phdthesis{strempel2021, 
    title   =   {Measuring the Energy Consumption of Software written in C on x86-64 Processors}, 
    author  =   {Strempel, Tom}, 
    year    =   {2021}
} 

% ========= Hardware based ========= 
% Leia, SNNI system at the edge
@article{liu2022,
  doi = {10.1109/tifs.2021.3138611},
  year = {2022},
  publisher = {Institute of Electrical and Electronics Engineers ({IEEE})},
  volume = {17},
  pages = {237--252},
  author = {Xiaoning Liu and Bang Wu and Xingliang Yuan and Xun Yi},
  title = {Leia: A Lightweight Cryptographic Neural Network Inference System at the Edge},
  journal = {{IEEE} Transactions on Information Forensics and Security}
}

% Computer assisted framework to boost DNN and also provide security
@article{tian2021,
  doi = {10.1109/jiot.2020.3003468},
  year = {2021},
  month = mar,
  publisher = {Institute of Electrical and Electronics Engineers ({IEEE})},
  volume = {8},
  number = {5},
  pages = {3300--3309},
  author = {Yifan Tian and Laurent Njilla and Jiawei Yuan and Shucheng Yu},
  title = {Low-Latency Privacy-Preserving Outsourcing of Deep Neural Network Inference},
  journal = {{IEEE} Internet of Things Journal}
}

% NPUFort
@inproceedings{wang2019,
  doi = {10.1145/3310273.3323070},
  year = {2019},
  month = apr,
  publisher = {Association for Computing Machinery ({ACM})},
  author = {Xingbin Wang and Rui Hou and Yifan Zhu and Jun Zhang and Dan Meng},
  title = {NPUFort: a secure architecture of DNN accelerator against model inversion attack},
  booktitle = {Proceedings of the 16th {ACM} International Conference on Computing Frontiers}
}

% ========= Language specific ========= 
% Java based framework
@incollection{seo2008,
  doi = {10.1007/978-3-540-87891-9_7},
  year = {2008},
  publisher = {Springer Berlin Heidelberg},
  pages = {97--113},
  author = {Chiyoung Seo and Sam Malek and Nenad Medvidovic},
  title = {Component-Level Energy Consumption Estimation for Distributed Java-Based Software Systems},
  booktitle = {Component-Based Software Engineering}
}

% Green Droid, android runtime
@inproceedings{couto2015,
  doi = {10.1109/informatics.2015.7377811},
  year = {2015},
  month = nov,
  publisher = {Institute of Electrical and Electronics Engineers ({IEEE})},
  author = {Marco Couto and Jacome Cunha and Joao Paulo Fernandes and Rui Pereira and Joao Saraiva},
  title = {{GreenDroid}: A tool for analysing power consumption in the android ecosystem},
  booktitle = {2015 {IEEE} 13th International Scientific Conference on Informatics}
}
% ========= No implementation ========= 
% Energy consumption measurement of C/C++ programs using Clang Tooling
@inproceedings{santos2017,
  author    = {M{\'{a}}rio Santos and
               Jo{\~{a}}o Saraiva and
               Zolt{\'{a}}n Porkol{\'{a}}b and
               D{\'{a}}niel Krupp},
  editor    = {Zoran Budimac},
  title     = {Energy Consumption Measurement of {C/C++} Programs Using Clang Tooling},
  booktitle = {Proceedings of the Sixth Workshop on Software Quality Analysis, Monitoring,
               Improvement, and Applications, Belgrade, Serbia, September 11-13,
               2017},
  series    = {{CEUR} Workshop Proceedings},
  volume    = {1938},
  publisher = {CEUR-WS.org},
  year      = {2017}
}

% ========= Theoretical  ========= 
% Eyeriss 
@article{chen2016,
  doi = {10.1145/3007787.3001177},
  year = {2016},
  month = oct,
  publisher = {Association for Computing Machinery ({ACM})},
  volume = {44},
  number = {3},
  pages = {367--379},
  author = {Yu-Hsin Chen and Joel Emer and Vivienne Sze},
  title = {“Eyeriss: A Spatial Architecture for Energy-Efficient Dataflow for Convolutional Neural Networks},
  journal = {{ACM} {SIGARCH} Computer Architecture News}
}

% Eyeriss 2
@inproceedings{chen20162,
  doi = {10.1109/isscc.2016.7418007},
  year = {2016},
  month = jan,
  publisher = {Institute of Electrical and Electronics Engineers ({IEEE})},
  author = {Yu-Hsin Chen and Joel Emer and Tushar Krishna and Vivienne Sze},
  title = {Eyeriss: An energy-efficient reconfigurable accelerator for deep convolutional neural networks},
  booktitle = {2016 {IEEE} International Solid-State Circuits Conference ({ISSCC})}
}

% Improvement Eyeriss
@misc{yang2016,
  doi       = {10.1109/cvpr.2017.643},
  year      = {2017},
  month     = jul,
  publisher = {{IEEE}},
  author    = {Tien-Ju Yang and Yu-Hsin Chen and Vivienne Sze},
  title     = {Designing Energy-Efficient Convolutional Neural Networks Using Energy-Aware Pruning},
  booktitle = {2017 {IEEE} Conference on Computer Vision and Pattern Recognition ({CVPR})}

}
%========================================

% Research that used cheetah as building block and saw significant improvements over others
@misc{dong2022,
  doi = {10.48550/ARXIV.2205.03040},
  author = {Dong,  Caiqin and Weng,  Jian and Liu,  Jia-Nan and Zhang,  Yue and Tong,  Yao and Yang,  Anjia and Cheng,  Yudan and Hu,  Shun},
  title = {Fusion: Efficient and Secure Inference Resilient to Malicious Servers},
  publisher = {arXiv},
  year = {2022},
  copyright = {arXiv.org perpetual,  non-exclusive license},
  Eprint = {arXiv:2205.03040}
}

% Archer C6 specs
 @misc{archer, 
 	title={AC1200 wireless MU-MIMO Gigabit Router}, 
    url={https://www.tp-link.com/us/home-networking/wifi-router/archer-c6/}, 
    urldate       = {2022-11-22}
} 